<record xmlns='http://www.loc.gov/MARC21/slim'><leader>03939ctmaa2200541Ia 4500</leader><controlfield tag='001'>6265688</controlfield><controlfield tag='005'>20200927195104.0</controlfield><controlfield tag='008'>851121s1669    xx            000 0 ara d</controlfield><datafield ind1=' ' ind2=' ' tag='035'><subfield code='a'>(OCoLC)ocn714893692</subfield></datafield><datafield ind1=' ' ind2=' ' tag='035'><subfield code='a'>6265688</subfield></datafield><datafield ind1=' ' ind2=' ' tag='040'><subfield code='a'>PUL</subfield><subfield code='e'>amremm</subfield><subfield code='c'>PUL</subfield></datafield><datafield ind1=' ' ind2=' ' tag='066'><subfield code='c'>(3</subfield><subfield code='c'>(4</subfield></datafield><datafield ind1=' ' ind2=' ' tag='035'><subfield code='a'>(OCoLC)714893692</subfield></datafield><datafield ind1='0' ind2=' ' tag='130'><subfield code='6'>880-01</subfield><subfield code='a'>Faḍāʾil ahl al-bayt</subfield></datafield><datafield ind1='1' ind2='0' tag='245'><subfield code='6'>880-02</subfield><subfield code='a'>Kitāb Faḍāʾil ahl al-bayt.</subfield></datafield><datafield ind1='1' ind2=' ' tag='246'><subfield code='i'>Title in Mach, Yahuda:</subfield><subfield code='a'>Sīrat al-Nabī wa-faḍāʾil ahl al-bayt</subfield></datafield><datafield ind1=' ' ind2=' ' tag='260'><subfield code='a'>[1669]</subfield></datafield><datafield ind1=' ' ind2=' ' tag='300'><subfield code='a'>100 leaves :</subfield><subfield code='b'>paper ;</subfield><subfield code='c'>299 x 205 (211 x 127) mm.</subfield></datafield><datafield ind1=' ' ind2=' ' tag='500'><subfield code='a'>Ms. codex.</subfield></datafield><datafield ind1=' ' ind2=' ' tag='500'><subfield code='a'>Title from upper edge.</subfield></datafield><datafield ind1=' ' ind2=' ' tag='500'><subfield code='a'>On fol. 1a: &quot;al-Sīrah li-Yaḥyá al-Zaydī&quot; in pencil in Arabic script.</subfield></datafield><datafield ind1=' ' ind2=' ' tag='500'><subfield code='a'>Ms. erroneously foliated: second leaf is skipped. Record follows erroneous numbering.</subfield></datafield><datafield ind1=' ' ind2=' ' tag='500'><subfield code='a'>Physical description: 33 lines per page; written in small naskhi in black on white glazed, laid European paper. Rubrication and catchwords; text framed in red border. Headings in large red script. A few marginal notes and corrections. Text on fol. 2a-97b.</subfield></datafield><datafield ind1=' ' ind2=' ' tag='500'><subfield code='a'>Origin: Copy completed and validated in Jumādá al-Awwal 1080 H. [October 1669], with the support of Yaḥyá ibn al-Ḥusayn ibn Amīr al-Muʾminīn al-Qāsim ibn Muḥammad ibn ʻAlī (d. after 1687) (fol. 97b).</subfield></datafield><datafield ind1='4' ind2=' ' tag='510'><subfield code='a'>Mach, R. Yahuda,</subfield><subfield code='c'>4587</subfield></datafield><datafield ind1='8' ind2=' ' tag='520'><subfield code='a'>Acephalous anon. work by a Zaydī author of the 6th/7th cent. H. There are frequent references to Shams al-Dīn Jaʻfar ibn Aḥmad ibn ʻAbd al-Salām (d. 573/ 1177: Brockelmann, GAL, I, 508) from whom the author received traditions. The book is divided into ten bābs (the beginning of the first bāb is missing).</subfield></datafield><datafield ind1=' ' ind2=' ' tag='541'><subfield code='c'>Gift ;</subfield><subfield code='a'>Robert Garrett, Class of 1897,</subfield><subfield code='d'>1942.</subfield></datafield><datafield ind1=' ' ind2=' ' tag='546'><subfield code='a'>Arabic.</subfield></datafield><datafield ind1=' ' ind2=' ' tag='561'><subfield code='a'>Acquired from Abraham Shalom Yahuda, 1942.</subfield></datafield><datafield ind1='0' ind2='0' tag='600'><subfield code='a'>Muḥammad,</subfield><subfield code='c'>Prophet,</subfield><subfield code='d'>-632</subfield><subfield code='x'>Biography</subfield><subfield code='v'>Early works to 1800.</subfield></datafield><datafield ind1='0' ind2='0' tag='600'><subfield code='a'>Muḥammad,</subfield><subfield code='c'>Prophet,</subfield><subfield code='d'>-632</subfield><subfield code='x'>Family</subfield><subfield code='x'>Biography</subfield><subfield code='v'>Early works to 1800.</subfield></datafield><datafield ind1=' ' ind2='0' tag='650'><subfield code='a'>Zaydīs</subfield><subfield code='x'>Biography</subfield><subfield code='v'>Early works to 1800.</subfield></datafield><datafield ind1=' ' ind2='7' tag='655'><subfield code='a'>Manuscripts, Arabic</subfield><subfield code='y'>17th century.</subfield><subfield code='2'>lcsh</subfield></datafield><datafield ind1='4' ind2='1' tag='856'><subfield code='u'>http://arks.princeton.edu/ark:/88435/9k41zd912</subfield></datafield><datafield ind1='0' ind2=' ' tag='880'><subfield code='6'>130-01/(3/r</subfield><subfield code='a'>فضائل اهل البيت</subfield></datafield><datafield ind1='1' ind2='0' tag='880'><subfield code='6'>245-02/(3/r</subfield><subfield code='a'>كتاب فضائل اهل البيت.</subfield></datafield><datafield ind1=' ' ind2=' ' tag='880'><subfield code='6'>500-00/(3/r</subfield><subfield code='a'>The second bāb begins (fol. 4a): ... الباب الثانى فى الحمل به ومولده ... وعدله وبرکته وکراماته ... اخبرنا القاضى الاجل شمس الدىن جمال المسلمىن جعفر بن احمد بن عبدالسلام بن ابى ىحىى رضوان الله علىه مناولة ثم قراة قال اخبرنا</subfield></datafield><datafield ind1='0' ind2=' ' tag='880'><subfield code='6'>505-00/(3/r</subfield><subfield code='a'>Bāb 2 (fol. 4a): فى الحمل به ومولده وعدله وبركته وكرامات</subfield></datafield><datafield ind1='8' ind2=' ' tag='880'><subfield code='6'>505-00/(3/r</subfield><subfield code='a'>Bāb 3 (10b): فى رضاعه وعدله وتربيته</subfield></datafield><datafield ind1='8' ind2=' ' tag='880'><subfield code='6'>505-00/(3/r</subfield><subfield code='a'>Bāb 4 (14a): فى مبعثه وما ورد فيه من العلماء المقدمين</subfield></datafield><datafield ind1='8' ind2=' ' tag='880'><subfield code='6'>505-00/(3/r</subfield><subfield code='a'>Bāb 5 (21b): فى نکاحه وذکر افضل ازواجه وهي خديجة</subfield></datafield><datafield ind1='8' ind2=' ' tag='880'><subfield code='6'>505-00/(3/r</subfield><subfield code='a'>Bāb 6 (24b): فى فضل فاطمة وذكر نكاحها ووفاتها</subfield></datafield><datafield ind1='8' ind2=' ' tag='880'><subfield code='6'>505-00/(3/r</subfield><subfield code='a'>Bāb 7 (29a): فى ذکر ازواجه</subfield></datafield><datafield ind1='8' ind2=' ' tag='880'><subfield code='6'>505-00/(3/r</subfield><subfield code='a'>Bāb 8 (64a): فى فضل على ومبلغ سنه وذكر شيء من خطبه ووصاياه</subfield></datafield><datafield ind1='8' ind2=' ' tag='880'><subfield code='6'>505-00/(3/r</subfield><subfield code='a'>Bāb 9 (69a): فى فضل الحسن والحسىن واخبارهما واخبار ساير اخوتهما وذكر اعدادهم وما ورد في فضلهم وفضل اهل البيت على كافتهم</subfield></datafield><datafield ind1='8' ind2=' ' tag='880'><subfield code='6'>505-00/(3/r</subfield><subfield code='a'>Bāb 10 (79b): فى اخبار ابى الحسين زيد بن علي بن الحسين وذكر سنه ومولده وجهاده وقتله وصلبه</subfield></datafield><datafield ind1=' ' ind2=' ' tag='999'><subfield code='a'>6265688</subfield></datafield><datafield ind1=' ' ind2=' ' tag='902'><subfield code='a'>des</subfield><subfield code='b'>o</subfield><subfield code='6'>t</subfield><subfield code='7'>m</subfield><subfield code='d'>a</subfield><subfield code='f'>0</subfield><subfield code='e'>20110426</subfield></datafield><datafield ind1='8' ind2='0' tag='852'><subfield code='0'>6272060</subfield><subfield code='b'>hsvm</subfield><subfield code='c'>Oversize</subfield><subfield code='h'>Islamic Manuscripts, Garrett no. 2406Yq</subfield></datafield></record>
